<?xml version="1.0" encoding="UTF-8"?><collection xmlns="http://www.loc.gov/MARC21/slim"><record><leader>00389nam--2200145-i-4500</leader><controlfield tag="001">000002174</controlfield><controlfield tag="002">20161230</controlfield><controlfield tag="005">20161230201024</controlfield><controlfield tag="008">060222s1000------------r-----000-0-eng-d</controlfield><datafield ind1=" " ind2=" " tag="080"><subfield code="a">621.3.038.61:61</subfield></datafield><datafield ind1=" " ind2=" " tag="100"><subfield code="a">Greene, D</subfield></datafield><datafield ind1=" " ind2=" " tag="245"><subfield code="a">Linear accelerators for radiation therapy</subfield></datafield><datafield ind1=" " ind2=" " tag="260"><subfield code="a">Bristol, Adam Hilger Ltd., 1986. Xi + 194 P</subfield></datafield><datafield ind1=" " ind2=" " tag="490"><subfield code="a">Medical Physics Handbooks</subfield></datafield><datafield ind1=" " ind2=" " tag="852"><subfield code="a">74123</subfield></datafield></record></collection>